@misc{python,
  title = {Python Programming Language – Official Website},
  author = {{Python Software Foundation}},
  howpublished = {\url{http://www.python.org}},
  note = {[01.01.2024]}
}

@misc{numpy,
  title = {Array Programming with NumPy},
  author = {Harris, C.R. and others},
  howpublished = {\url{https://numpy.org/}},
  note = {[01.01.2024]}
}

@misc{librosa,
  title = {LibROSA: Audio and Music Signal Analysis in Python},
  author = {Ellis, B. and others},
  howpublished = {\url{https://librosa.org/}},
  note = {[01.01.2024]}
}

@misc{matplotlib,
  title = {Matplotlib: A 2D Graphics Environment},
  author = {Hunter, John D. and others},
  howpublished = {\url{https://matplotlib.org/}},
  note = {[01.01.2024]}
}

@misc{pygame,
  title = {Pygame Documentation},
  author = {{Pygame Community}},
  howpublished = {\url{https://www.pygame.org/docs/}},
  note = {[01.01.2024]}
}

@misc{pygame_menu,
  title = {Pygame-menu Documentation},
  author = {Pizarro R., P.},
  howpublished = {\url{https://pygame-menu.readthedocs.io/en/latest/}},
  note = {[01.01.2024]}
}

@misc{mido,
  title = {Mido: MIDI Objects for Python},
  author = {Bjørndalen O. M. and others},
  howpublished = {\url{https://mido.readthedocs.io/en/latest/}},
  note = {[31.12.2023]}
}

@misc{midi2audio,
  title = {midi2audio},
  author = {Zámečník B. and others},
  howpublished = {\url{https://github.com/bzamecnik/midi2audio}},
  note = {[31.12.2023]}
}

@misc{threading,
  title = {Threading - Thread-based parallelism},
  author = {{Python Software Foundation}},
  howpublished = {\url{https://docs.python.org/3/library/threading.html}},
  note = {[09.01.2024]}
}

@misc{tkinter,
  title = {Tkinter - Python interface to Tcl/Tk},
  author = {{Python Software Foundation}},
  howpublished = {\url{https://docs.python.org/3/library/tkinter.html}},
  note = {[09.01.2024]}
}

@misc{sys,
  title = {sys - System-specific parameters and functions},
  author = {{Python Software Foundation}},
  howpublished = {\url{https://docs.python.org/3/library/sys.html}},
  note = {[09.01.2024]}
}

@misc{os,
  title = {os - Miscellaneous operating system interfaces},
  author = {{Python Software Foundation}},
  howpublished = {\url{https://docs.python.org/3/library/os.html}},
  note = {[09.01.2024]}
}

@misc{fluidsynth,
  title = {FluidSynth},
  author = {Moebert T. and others},
  howpublished = {\url{https://www.fluidsynth.org/}},
  note = {[31.12.2023]}
}

@misc{ffmpeg,
  title = {FFmpeg Documentation},
  author = {Coudurier B. and others},
  howpublished = {\url{https://ffmpeg.org/}},
  note = {[01.01.2024]}
}

@misc{synthesia,
  title = {Synthesia “Yiruma - River Flows In You (Intermediate Piano Tutorial)”},
  author = {Atlantic Notes},
  howpublished = {\url{https://youtu.be/O7-2q-7a7N8?si=_bOomjqk3WPTmvzO&t=20}},
  note = {[05.01.2024]}
}

@misc{piano_key_frequencies,
  title = {Piano Key Frequencies},
  author = {{Wikipedia}},
  howpublished = {\url{https://en.wikipedia.org/wiki/Piano_key_frequencies}},
  note = {[31.12.2023]}
}

@misc{fourier_transform_visual,
  title = {But what is the Fourier Transform? A visual introduction.},
  author = {Sanderson G.},
  howpublished = {\url{https://www.3blue1brown.com/lessons/fourier-transforms}},
  note = {[31.12.2023]}
}

@misc{casio_ctk496,
  title = {Casio CTK-496 User Manual},
  author = {Casio Corporation},
  year = {2005}
}

@misc{roland_um_one,
  title = {Roland UM-ONE mk2 User Guide},
  author = {Roland Corporation},
  year = {2018}
}

@misc{dsp_understanding,
  title = {Understanding Digital Signal Processing},
  author = {Lyons, R. G.},
  year = {2004},
  publisher = {Pearson Education},
  address = {Upper Saddle River (New Jersey, Stany Zjednoczone)},
  pages = {125-150}
}

@misc{sound_synthesis,
  title = {Sound synthesis},
  author = {{Wikipedia}},
  howpublished = {\url{https://en.wikipedia.org/wiki/Synthesizer\#Theory}},
  note = {[30.12.2023]}
}

@misc{say_something,
  title = {Say something},
  author = {Axel I., King C.},
  howpublished = {\url{https://www.youtube.com/watch?v=VVgixOjGhVU}},
  note = {[24.01.2024]}
}

@misc{say_something_piano_cover,
  title = {Say something Piano Cover},
  author = {Davidson A.},
  howpublished = {\url{https://www.youtube.com/watch?v=3ZL08QFHY_Q}},
  note = {[24.01.2024]}
}

@misc{hallelujah,
  title = {Hallelujah},
  author = {Wainwright R., Cohen L.},
  howpublished = {\url{https://www.youtube.com/watch?v=BHOfvsvvnXA}},
  note = {[24.01.2024]}
}

@misc{hallelujah_piano_cover,
  title = {Hallelujah Piano Cover},
  author = {Warmbrand S.},
  howpublished = {\url{https://www.youtube.com/watch?v=Oi4JHcs3bH0}},
  note = {[24.01.2024]}
}

@misc{falling_apart,
  title = {Falling Apart},
  author = {Schulte M.},
  howpublished = {\url{https://www.youtube.com/watch?v=7wFbV9BW5kU}},
  note = {[24.01.2024]}
}

@misc{falling_apart_piano_cover,
  title = {Falling Apart Piano Cover},
  author = {FeelsLikeMusic - Piano Cover},
  howpublished = {\url{https://www.youtube.com/watch?v=iaMQxjp-klA}},
  note = {[24.01.2024]}
}